<?xml version="1.0" encoding="UTF-8"?><collection><record><leader>08137ntm a2200721 a 4500</leader><controlfield tag="001">006819612</controlfield><controlfield tag="003">MiAaHDL</controlfield><controlfield tag="005">20190719000000.0</controlfield><controlfield tag="006">m        d        </controlfield><controlfield tag="007">cr bn ---auaua</controlfield><controlfield tag="008">090617s1592    xx            00| ||ota d</controlfield><datafield tag="035" ind1=" " ind2=" "><subfield code="a">(MiU)006819612</subfield></datafield><datafield tag="035" ind1=" " ind2=" "><subfield code="a">sdr-miu006819612</subfield></datafield><datafield tag="040" ind1=" " ind2=" "><subfield code="a">MiU</subfield><subfield code="c">MiU</subfield><subfield code="e">amremm</subfield></datafield><datafield tag="043" ind1=" " ind2=" "><subfield code="a">n-us-mi</subfield></datafield><datafield tag="100" ind1="0" ind2=" "><subfield code="6">880-01</subfield><subfield code="a">Fuzulî,</subfield><subfield code="d">1495?-1556.</subfield></datafield><datafield tag="240" ind1="1" ind2="0"><subfield code="6">880-02</subfield><subfield code="a">Ḥadīqat al-suʻadā</subfield></datafield><datafield tag="245" ind1="1" ind2="0"><subfield code="6">880-03</subfield><subfield code="a">Haza Kitab-ı Hadikatü's-süada,</subfield><subfield code="f">[1000, i.e. 1592].</subfield></datafield><datafield tag="246" ind1="3" ind2=" "><subfield code="a">Hadikat üs-süadâ</subfield></datafield><datafield tag="246" ind1="3" ind2=" "><subfield code="a">Hadikatüssuada</subfield></datafield><datafield tag="246" ind1="3" ind2="0"><subfield code="a">Hadikatü's-süada</subfield></datafield><datafield tag="246" ind1="3" ind2=" "><subfield code="i">Edge title (head):</subfield><subfield code="a">حديقة السعدا</subfield></datafield><datafield tag="260" ind1=" " ind2=" "><subfield code="c">[1592].</subfield></datafield><datafield tag="300" ind1=" " ind2=" "><subfield code="a">312 leaves :</subfield><subfield code="b">paper ;</subfield><subfield code="c">230 x 155 (152 x 84) mm.</subfield></datafield><datafield tag="500" ind1=" " ind2=" "><subfield code="a">Shelfmark: Ann Arbor, University of Michigan, Special Collections Library, Isl. Ms. 855</subfield></datafield><datafield tag="500" ind1=" " ind2=" "><subfield code="a">Origin: As appears in colophon on p.624, bulk of manuscript (p.51 to close) copied by Ḥāfiẓ Abū al-Fatḥ ibn Qāḍī Ḍiyāʼ al-Dīn Muḥammad Rāzī (Hafız Ebülfatih b. Kadı Ziyaettin Mehmet Razi) with transcription completed 24 Shaʻbān 1000 [ca. 5 June 1592]. Replacement section (first three gatherings, through p.50) likely dates to early 19th century (ca. 1807-1830) as suggested by paper, hand, and decoration.</subfield></datafield><datafield tag="500" ind1=" " ind2=" "><subfield code="a">Accompanying materials: a. Pink card with typed description "[Muḥammad ibn Suleimān, Fuẓulī, d. c. 1562] | Ḥadīqat al-suʻadāʼ. | Turkish. Ms." -- b. Bits of unused "gold" leaf found between pp.384-385 and 412-413 -- c. Pen shaving found between pp.508-509.</subfield></datafield><datafield tag="500" ind1=" " ind2=" "><subfield code="a">Former shelfmark: Mich. Isl. Ms. temp. no. 4</subfield></datafield><datafield tag="500" ind1=" " ind2=" "><subfield code="a">Binding: Pasteboards covered in a cut velvet printed with a colorful floral pattern incorporating boteh (بوته) and other designs (in shades of blue, red, yellow, and green on grounds of red, white and dark blue) with spine, fore edge flap and edges / turn-ins in dark brown leather (textile faced, leather edged framed binding / frame covers) ; Type II binding (with flap) ; pastedowns and flyleaves in pink-tinted, gold-flecked laid paper ; upper and lower covers carry tooled and gold-painted border ; fore edge flap carries gold-painted designs ; envelope flap also covered in cut velvet ; sewn in dark pink to mauve thread, two stations ; worked chevron endbands in pink and white, fairly good condition ; overall in fair condition though upper cover fully detached, some staining and losses to textile, minor abrasion and staining of leather, etc. ; housed in box for protection.</subfield></datafield><datafield tag="500" ind1=" " ind2=" "><subfield code="a">Support: non-European (likely Persian) laid paper with roughly 9 laid lines per cm. (horizontal, quite faint and indistinct) and occasional chain lines faintly visible, cloudy formation, inclusions and fibers visible, thin though quite sturdy, lightly burnished, dark cream to beige in color, some staining and tide lines ; replacement leaves of opening section (through p.50) in European laid paper with roughly 8 laid lines per cm. (vertical), chain lines spaced 29-30 mm. apart (horizontal) and watermarks of lion passant guardant (see p.6,7, 22, 32, 46, 50, etc.) and "AFG" (see p.4,9, 26, etc. i.e. Antonio et Fratelli Galvani, see pp.88-89 in Walz, "The paper trade of Egypt and the Sudan" and compare Eineder nos. 997, 1003, etc. dated 1807), medium cream with a yellow hue, sturdy, and well-burnished ; flyleaves also in European laid paper.</subfield></datafield><datafield tag="500" ind1=" " ind2=" "><subfield code="a">Decoration: Illuminated headpiece (ʻunwān / sarlawḥ) at opening on p.2 consisting of scalloped dome filled with floral vegetal composition in gold, set in a well of pink, blue and gold bands and surmounted by vertical stalks (tīgh) in red and blue ; written area throughout surrounded by a gold frame defined by black fillets with outermost blue rule ; textual dividers in the form of gold discs on incipit page ; keywords and headings rubricated (red inks of each section distinct).</subfield></datafield><datafield tag="500" ind1=" " ind2=" "><subfield code="a">Script: Nastaʻlīq (talik) ; two elegant hands ; both serifless with slight effect of words descending to baseline, elongation of horizontal strokes, mainly closed counters, pointing in distinct or conjoined dots ; hand supplying replacement section at opening (pp.1-50) slightly finer, larger and more compact along the line with large, open and sometimes sweeping descenders, and exaggerated elongation of some horizontal strokes.</subfield></datafield><datafield tag="500" ind1=" " ind2=" "><subfield code="a">Layout: Written in 14 lines per page ; frame-ruled.</subfield></datafield><datafield tag="500" ind1=" " ind2=" "><subfield code="a">Collation: i, IV-1+1 (8), IV+1 (17), IV (25), IV-1 (32), 4 IV(64), III (70), 23 IV(254), III+1 (261), 6 IV(309), I+1 (312), i ; almost exclusively quaternions ; catchwords present, plainly visible in opening section (through p.50) but mainly cutoff in bulk of codex (p.50 to close) ; foliation in black ink, Hindu-Arabic numerals ; pagination in pencil, Western numerals, supplied during digitization (includes back flyleaf).</subfield></datafield><datafield tag="500" ind1=" " ind2=" "><subfield code="a">Colophon: "Scribal," triangular, reads "تمت الكتاب بعون الملك الوهاب تحريرا فى چهار شنبه اربع وعشرين من شهر شعبان المعظم سنه الف كاتبه الفقير الحقير كثير التقصير حافظ ابو الفتح بن قاضى ضياء الدين محمد رازى غفر ذنوبهما"</subfield></datafield><datafield tag="500" ind1=" " ind2=" "><subfield code="a">Explicit: "كل اى حال تكلمدن خبردار ترحم قيل تعرض اتمه زنهار"</subfield></datafield><datafield tag="500" ind1=" " ind2=" "><subfield code="a">Incipit: "يا رب ره عشقنده بنى شيدا قيل احكام عبادتى بكا اجرا قيل ..."</subfield></datafield><datafield tag="500" ind1=" " ind2=" "><subfield code="a">Title from inscription above headpiece at opening on p.2.</subfield></datafield><datafield tag="500" ind1=" " ind2=" "><subfield code="a">Ms. composite codex.</subfield></datafield><datafield tag="510" ind1="4" ind2=" "><subfield code="a">Eineder, Georg. The ancient paper-mills of the former Austro-Hungarian Empire and their watermarks. Hilversum, Holland: Paper Publications Society, 1960.</subfield></datafield><datafield tag="510" ind1="4" ind2=" "><subfield code="a">Walz, Terence. "The paper trade of Egypt and the Sudan in the eighteenth and nineteenth centuries and its re-export to the Bilad as-Sudan." In The trans-Saharan book trade: manuscript culture, Arabic literacy, and intellectual history in Muslim Africa. Graziano Krätli and Ghislaine Lydon, Eds. (Leiden : Brill, 2011):</subfield><subfield code="c">73-108.</subfield></datafield><datafield tag="510" ind1="4" ind2=" "><subfield code="a">EI2, "Fuḍūlī , Muḥammad b. Sulaymān,"</subfield><subfield code="c">vol. II, p. 937, col. 1</subfield></datafield><datafield tag="510" ind1="4" ind2=" "><subfield code="a">Cat. Turk. MSS. Brit. Mus.,</subfield><subfield code="c">p.39 f.</subfield></datafield><datafield tag="520" ind1="8" ind2=" "><subfield code="a">Elegant composite copy of Fuzulî’s rendering of the suffering of the prophets, particularly Imām Ḥusayn in the tragedy at Karbalāʼ, drawn from Ḥusayn Vāʻiẓ Kāshifī’s Rawz̤at al-shuhadāʼ, a Persian martyrology of ʻAlī and his family.</subfield></datafield><datafield tag="538" ind1=" " ind2=" "><subfield code="a">Mode of access: Internet.</subfield></datafield><datafield tag="541" ind1=" " ind2=" "><subfield code="c">Gift ;</subfield><subfield code="a">Acquired from Frank E. Nuttall (1875-1943) ;</subfield><subfield code="d">Received: 12-11-54</subfield></datafield><datafield tag="546" ind1=" " ind2=" "><subfield code="a">Ottoman Turkish.</subfield></datafield><datafield tag="561" ind1=" " ind2=" "><subfield code="a">On recto of back flyleaf (p.625) accession details in pencil "Rare Book Room | Gift | Source Unknown | 12-11-54" ; a few marginal notes.</subfield></datafield><datafield tag="650" ind1=" " ind2="0"><subfield code="a">Manuscripts, Turkish</subfield><subfield code="z">Michigan</subfield><subfield code="z">Ann Arbor.</subfield></datafield><datafield tag="650" ind1=" " ind2="0"><subfield code="a">Imams (Shiites)</subfield><subfield code="v">Biography</subfield><subfield code="v">Early works to 1800.</subfield></datafield><datafield tag="650" ind1=" " ind2="0"><subfield code="a">Muslim martyrs</subfield><subfield code="v">Biography</subfield><subfield code="v">Early works to 1800.</subfield></datafield><datafield tag="650" ind1=" " ind2="0"><subfield code="a">Karbalāʼ, Battle of, Karbalāʼ, Iraq, 680</subfield><subfield code="v">Poetry</subfield><subfield code="v">Early works to 1800.</subfield></datafield><datafield tag="650" ind1=" " ind2="0"><subfield code="a">Suffering</subfield><subfield code="x">Religious aspects</subfield><subfield code="x">Islam</subfield><subfield code="v">Early works to 1800.</subfield></datafield><datafield tag="655" ind1=" " ind2="7"><subfield code="a">Headpieces (layout features)</subfield><subfield code="y">17th century</subfield><subfield code="z">aat</subfield></datafield><datafield tag="700" ind1="1" ind2=" "><subfield code="a">Nuttall, Frank E.,</subfield><subfield code="d">1875-1943,</subfield><subfield code="e">former owner.</subfield></datafield><datafield tag="700" ind1="1" ind2=" "><subfield code="6">880-08</subfield><subfield code="a">Kāshifī, Ḥusayn Vāʻiẓ,</subfield><subfield code="d">-1504 or 1505.</subfield><subfield code="t">Rawz̤at al-shuhadā.</subfield></datafield><datafield tag="700" ind1="0" ind2=" "><subfield code="6">880-07</subfield><subfield code="a">Ḥāfiẓ Abū al-Fatḥ ibn Qāḍī Ḍiyāʼ al-Dīn Muḥammad Rāzī,</subfield><subfield code="d">fl. 1592,</subfield><subfield code="e">scribe.</subfield></datafield><datafield tag="773" ind1="0" ind2=" "><subfield code="a">F. E. Nuttall Collection.</subfield></datafield><datafield tag="880" ind1="1" ind2=" "><subfield code="6">700-08/</subfield><subfield code="a">كاشفي، حسين واعظ.</subfield><subfield code="t">روضة الشهداء.</subfield></datafield><datafield tag="880" ind1="0" ind2=" "><subfield code="6">700-07/</subfield><subfield code="a">حافظ ابو الفتح بن قاضى ضياء الدين محمد رازى,</subfield><subfield code="e">ناسخ.</subfield></datafield><datafield tag="880" ind1="1" ind2="0"><subfield code="6">245-03/</subfield><subfield code="a">هذا كتاب حديقة السعدا,</subfield><subfield code="f">[1000ه, 1592م].</subfield></datafield><datafield tag="880" ind1="1" ind2="0"><subfield code="6">240-02/</subfield><subfield code="a">حديقة السعداء</subfield></datafield><datafield tag="880" ind1="1" ind2=" "><subfield code="6">100-01/</subfield><subfield code="a">فضولى بغدادى،</subfield><subfield code="c">محمد بن سليمان.</subfield></datafield><datafield tag="CID" ind1=" " ind2=" "><subfield code="a">006819612</subfield></datafield><datafield tag="DAT" ind1="0" ind2=" "><subfield code="a">20190719102639.0</subfield><subfield code="b">20190719000000.0</subfield></datafield><datafield tag="DAT" ind1="1" ind2=" "><subfield code="a">20190719090653.0</subfield><subfield code="b">2019-07-19T16:12:02Z</subfield></datafield><datafield tag="DAT" ind1="2" ind2=" "><subfield code="a">2015-10-02T18:00:03Z</subfield></datafield><datafield tag="CAT" ind1=" " ind2=" "><subfield code="a">SDR-MIU</subfield><subfield code="d">EX LIBRIS - ALEPH</subfield><subfield code="l">prepare.pl-004-008</subfield></datafield><datafield tag="FMT" ind1=" " ind2=" "><subfield code="a">BK</subfield></datafield><datafield tag="HOL" ind1=" " ind2=" "><subfield code="0">sdr-miu006819612</subfield><subfield code="a">MiU</subfield><subfield code="b">SDR</subfield><subfield code="c">MIU</subfield><subfield code="p">mdp.39015079130426</subfield><subfield code="s">MIU</subfield><subfield code="1">006819612</subfield></datafield><datafield tag="974" ind1=" " ind2=" "><subfield code="b">MIU</subfield><subfield code="c">MIU</subfield><subfield code="d">20190719</subfield><subfield code="s">lit-dlps-dc</subfield><subfield code="u">mdp.39015079130426</subfield><subfield code="y">1592</subfield><subfield code="r">pd</subfield><subfield code="q">bib</subfield><subfield code="t">non-US bib date1 &lt; 1879</subfield></datafield></record></collection>